@book{docarmo,
    title = {Differential Geometry of Curves and Surfaces},
    edition = {2},
    author = "Do Carmo, M. P.",
    year = {2016},
    publisher = {Dover Publications},
}

@book{tu1,
    title = {An Introduction to Manifolds},
    edition = {2},
    author = {Tu, L. W.},
    year = {2011},
    publisher = {Springer},
}

@book{lee1,
    title = {Introduction to Smooth Manifolds},
    edition = {2},
    author = {Lee, J. M.},
    year = {2013},
    publisher = {Springer},
}

@book{kesavan1,
    title = {Functional Analysis},
    edition = {2},
    author = {Kesavan, S.},
    year = {2023},
    publisher = {Springer},
}

@book{bhatia1,
    title = {Notes on Functional Analysis},
    edition = {1},
    author = {Bhatia, R.},
    year = {2009},
    publisher = {Hindustan Book Agency},
}

